<?xml version="1.0" encoding="UTF-8"?><collection xmlns="http://www.loc.gov/MARC21/slim"><record><leader>00606nam--2200181-i-4500</leader><controlfield tag="001">000037687</controlfield><controlfield tag="002">20161230</controlfield><controlfield tag="005">20161230201041</controlfield><controlfield tag="008">060222s1000------------r-----000-0-eng-d</controlfield><datafield ind1=" " ind2=" " tag="040"><subfield code="a">IFIN-HH</subfield></datafield><datafield ind1=" " ind2=" " tag="080"><subfield code="a">539.2</subfield></datafield><datafield ind1="1" ind2=" " tag="110"><subfield code="a">The Institute Of Metals</subfield></datafield><datafield ind1="1" ind2="0" tag="245"><subfield code="a">Properties of metallic surfaces</subfield><subfield code="b">A symposium organised by the institute of metals and held at the royal intitution, london, on 19 november 1952</subfield></datafield><datafield ind1=" " ind2=" " tag="260"><subfield code="a">London</subfield><subfield code="b">Institute Of Metals</subfield><subfield code="c">1953</subfield></datafield><datafield ind1=" " ind2=" " tag="300"><subfield code="a">368 P</subfield></datafield><datafield ind1=" " ind2=" " tag="490"><subfield code="a">Institute Of Metals Monograph And Report Series</subfield><subfield code="v">No. 13</subfield></datafield><datafield ind1=" " ind2=" " tag="852"><subfield code="a">10103</subfield><subfield code="c">539.2</subfield></datafield><datafield ind1=" " ind2=" " tag="CAT"><subfield code="a">Sys</subfield><subfield code="c">20120928</subfield><subfield code="h">113800</subfield></datafield></record></collection>